@article{onco,
	title = {Oncogenes and {Cancer}},
	volume = {358},
	issn = {0028-4793, 1533-4406},
	url = {http://www.nejm.org/doi/abs/10.1056/NEJMra072367},
	doi = {10.1056/NEJMra072367},
	language = {en},
	number = {5},
	urldate = {2021-05-17},
	journal = {New England Journal of Medicine},
	author = {Croce, Carlo M.},
	month = jan,
	year = {2008},
	pages = {502--511},
}
@article{recount2,
	title = {Reproducible {RNA}-seq analysis using recount2},
	volume = {35},
	issn = {1087-0156, 1546-1696},
	url = {http://www.nature.com/articles/nbt.3838},
	doi = {10.1038/nbt.3838},
	language = {en},
	number = {4},
	urldate = {2021-05-17},
	journal = {Nature Biotechnology},
	author = {Collado-Torres, Leonardo and Nellore, Abhinav and Kammers, Kai and Ellis, Shannon E and Taub, Margaret A and Hansen, Kasper D and Jaffe, Andrew E and Langmead, Ben and Leek, Jeffrey T},
	month = apr,
	year = {2017},
	pages = {319--321},
}
@article{deep,
	title = {Machine learning and complex biological data},
	volume = {20},
	issn = {1474-760X},
	url = {https://genomebiology.biomedcentral.com/articles/10.1186/s13059-019-1689-0},
	doi = {10.1186/s13059-019-1689-0},
	language = {en},
	number = {1},
	urldate = {2021-05-17},
	journal = {Genome Biology},
	author = {Xu, Chunming and Jackson, Scott A.},
	month = dec,
	year = {2019},
	pages = {76, s13059--019--1689--0},
}
@article{dv,
	title = {Learning interpretable latent autoencoder representations with annotations offeature sets},
	url = {https://www.biorxiv.org/content/biorxiv/early/2020/12/03/2020.12.02.401182.full.pdf},
	urldate = {2021-05-17},
	journal = {arXiv},
	author = {Rybakov, Sergei and Lotfollahi, Mohammad and Theis, Fabian J, and Wold, F. Alexander},
	year = {2019},
}
